<record><leader>00000cas a22000007a 4500</leader><controlfield tag="001">20841836</controlfield><controlfield tag="008">900103d18921913mouwr ne      0    0eng d</controlfield><datafield ind1=" " ind2=" " tag="010"><subfield code="a">sn 89067593 </subfield></datafield><datafield ind1=" " ind2=" " tag="040"><subfield code="a">MQN</subfield><subfield code="b">eng</subfield><subfield code="c">MQN</subfield><subfield code="d">OCLCQ</subfield></datafield><datafield ind1="0" ind2="4" tag="245"><subfield code="a">The Piedmont banner.</subfield></datafield><datafield ind1=" " ind2=" " tag="260"><subfield code="a">Piedmont, Mo. :</subfield><subfield code="b">J.N. Holmes &amp; Co.</subfield></datafield><datafield ind1=" " ind2=" " tag="300"><subfield code="a">v.</subfield></datafield><datafield ind1=" " ind2=" " tag="310"><subfield code="a">Weekly</subfield></datafield><datafield ind1="1" ind2=" " tag="362"><subfield code="a">Began in 1892? Ceased in 1913?</subfield></datafield><datafield ind1=" " ind2=" " tag="588"><subfield code="a">Description based on: Vol. 6, no. 29 (Jan. 2, 1896).</subfield></datafield><datafield ind1=" " ind2=" " tag="752"><subfield code="a">United States</subfield><subfield code="b">Missouri</subfield><subfield code="c">Wayne</subfield><subfield code="d">Piedmont.</subfield></datafield><datafield ind1="0" ind2="0" tag="785"><subfield code="t">Piedmont weekly banner</subfield><subfield code="w">(DLC)sn 89067597</subfield></datafield></record>